@misc{GCC,
  key = {GCC},
  title = {Other Built-in Functions Provided by GCC},
  howpublished = {\url{https://gcc.gnu.org/onlinedocs/gcc/Other-Builtins.html}},
  year = "2017 (accessed 2017-12-03)"
}
@misc{Clang,
  key = {Clang},
  title = {Attributes in Clang -- Clang 6 documentation},
  howpublished = {\url{https://clang.llvm.org/docs/AttributeReference.html}},
  year = "2017 (accessed 2017-12-03)"
}
@misc{ICC,
  key = {ICC},
  title = {Data Alignment to Assist Vectorization},
  howpublished = {\url{https://software.intel.com/en-us/articles/data-alignment-to-assist-vectorization}},
  year = "2015 (accessed 2017-12-03)"
}
@misc{Smith2017,
  key = {Smith2017},
  author = {Richard Smith},
  title = {{Working Draft, Standard for Programming Language C++}},
  howpublished = {\url{https://github.com/cplusplus/draft}},
  year = "2017 (accessed 2017-12-07)"
}
@misc{P0147R0,
  key = {P0147R0},
  author = {G. Dos Reis and J.~D. Garcia and J. Lakos and A. Meredith and N. Myers and B. Stroustrup},
  title = {{A Contract Design}},
  howpublished = {\url{https://wg21.link/p0147r0}},
  year = "2016 (accessed 2018-01-11)"
}
@misc{P0542R2,
  key = {P0542R2},
  author = {G. Dos Reis and J.~D. Garcia and J. Lakos and A. Meredith and N. Myers and B. Stroustrup},
  title = {{Support for contract based programming in C++}},
  howpublished = {\url{https://wg21.link/p0542r2}},
  year = "2017 (accessed 2018-01-11)"
}
@misc{P0542R5,
  key = {P0542R5},
  author = {G. Dos Reis and J.~D. Garcia and J. Lakos and A. Meredith and N. Myers and B. Stroustrup},
  title = {{Support for contract based programming in C++}},
  howpublished = {\url{https://wg21.link/p0542r5}},
  year = "2018-06-08"
}
@misc{OpenMP,
  key = {OpenMP},
  title = {{User and Reference Guide for the Intel C++ Compiler 15.0: omp simd}},
  howpublished = {\url{https://software.intel.com/en-us/node/524530}},
  year = "2018 (accessed 2018-01-11)"
}
@misc{Fortran,
  key = {OpenMP},
  title = {{Intel Fortran Compiler 17.0 Developer and Reference Guide: ASSUME_ALIGNED}},
  howpublished = {\url{https://software.intel.com/en-us/node/679017}},
  year = "2018 (accessed 2018-01-11)"
}
@misc{Brown2014,
  key = {Brown2014},
  author = {Walter E. Brown},
  title = {{Modern Template Metaprogramming: A Compendium}},
  howpublished = {\url{https://www.youtube.com/watch?v=Am2is2QCvxY}},
  year = "2014 (accessed 2018-03-18)"
}
@misc{Smith2018,
  key = {Smith2018},
  author = {Richard Smith},
  title = {{Working Draft, Standard for Programming Language C++}},
  howpublished = {\url{https://github.com/cplusplus/draft}},
  year = "2018 (accessed 2018-03-18)"
}
@misc{JuceScopedPointer,
  key = {JuceScopedPointer},
  author = {JUCE API Reference},
  title = {{Class ScopedPointer}},
  howpublished = {\url{https://juce.com/doc/classScopedPointer}},
  year = "2017 (accessed 2018-03-18)"
}
@misc{N3766,
  key = {N3766},
  author = {Jeffrey Yasskin},
  number = {N3766},
  title = {{The identity type transformation}},
  howpublished = {\url{https://wg21.link/n3766}},
  year = "2013 (accessed 2018-03-18)"
}
@misc{P0091,
  key = {P0091},
  author = {Mike Spertus and Faisal Vali and Richard Smith},
  number = {P0091},
  title = {{Template argument deduction for class templates (Rev. 7): Deleted deduction guides}},
  howpublished = {\url{https://wg21.link/p0091}},
  year = "2017 (accessed 2018-03-18)"
}
@misc{P0949,
  key = {P0949},
  author = {Peter Dimov},
  number = {P0949},
  title = {{Adding support for type-based metaprogramming to the standard library}},
  howpublished = {\url{https://wg21.link/p0949}},
  year = "2018 (accessed 2018-03-18)"
}
@misc{N1856,
  key = {N1856},
  author = {Howard E. Hinnant},
  number = {N1856},
  title = {{Rvalue Reference Recommendations for Chapter 20}},
  howpublished = {\url{https://wg21.link/n1856}},
  year = "2005 (accessed 2018-03-18)"
}
@misc{N2284,
  key = {N2284},
  author = {Pete Becker},
  number = {N2284},
  title = {{Working Draft, Standard for Programming Language C++}},
  howpublished = {\url{https://wg21.link/n2284}},
  year = "2007 (accessed 2018-03-18)"
}
@misc{N4917,
  key = {N4917},
  author = {Thomas K\" oppe},
  number = {N4917},
  title = {{Working Draft, Standard for Programming Language C++}},
  howpublished = {\url{https://www.open-std.org/jtc1/sc22/wg21/docs/papers/2022/n4917.pdf}},
  year = "2022-09-05"
}
@misc{N4944,
  key = {N4944},
  author = {Thomas K\" oppe},
  number = {N4944},
  title = {{Working Draft, Standard for Programming Language C++}},
  howpublished = {\url{https://www.open-std.org/jtc1/sc22/wg21/docs/papers/2023/n4944.pdf}},
  year = "2023-03-19"
}
@misc{N5001,
  key = {N5001},
  author = {Thomas K\" oppe},
  number = {N5001},
  title = {{Working Draft, Standard for Programming Language C++}},
  howpublished = {\url{https://www.open-std.org/jtc1/sc22/wg21/docs/papers/2024/n5001.pdf}},
  year = "2024-12-17"
}
@misc{N5008,
  key = {N5008},
  author = {Thomas K\" oppe},
  number = {N5008},
  title = {{Working Draft, Standard for Programming Language C++}},
  howpublished = {\url{https://wg21.link/n5008}},
  year = "2025-03-15"
}
@misc{N5014,
  key = {N5014},
  author = {Thomas K\" oppe},
  number = {N5014},
  title = {{Working Draft, Standard for Programming Language C++}},
  howpublished = {\url{https://wg21.link/n5014}},
  year = "2025-08-05"
}
@misc{N4685,
  key = {N4685},
  author = {Eric Niebler},
  number = {N4685},
  title = {{Working Draft, C++ Extensions for Ranges}},
  howpublished = {\url{https://wg21.link/n4685}},
  year = "2017 (accessed 2018-03-18)"
}
@misc{700,
  key = {700},
  author = {P.J. Plauger},
  title = {{Defect Report 700. N1856 defines struct identity}},
  howpublished = {\url{http://cplusplus.github.io/LWG/lwg-defects.html#700}},
  year = "2007 (accessed 2018-03-18)"
}
@misc{823,
  key = {Defect823},
  author = {Walter E. Brown},
  title = {{Defect Report 823. identity<void> seems broken}},
  howpublished = {\url{http://cplusplus.github.io/LWG/lwg-defects.html#823}},
  year = "2008 (accessed 2018-03-18)"
}
@misc{939,
  key = {Defect939},
  author = {Alisdair Meredith},
  title = {{Defect Report 939. Problem with std::identity and reference-to-temporaries}},
  howpublished = {\url{http://cplusplus.github.io/LWG/lwg-defects.html#939}},
  year = "2008 (accessed 2018-03-18)"
}
@misc{Boost.MPL,
  key = {Boost.MPL},
  author = {Boost},
  title = {{MPL Documentation}},
  howpublished = {\url{http://www.boost.org/doc/libs/1_48_0/libs/mpl/doc/refmanual/identity.html}},
  year = "2009 (accessed 2018-03-18)"
}
@misc{Boost.Hana,
  key = {Boost.Hana},
  author = {Boost},
  title = {{Hana Documentation}},
  howpublished = {\url{http://www.boost.org/doc/libs/1_63_0/libs/hana/doc/html/structboost_1_1hana_1_1type.html}},
  year = "2007 (accessed 2018-03-18)"
}
@misc{Boost.TypeTraits,
  key = {Boost.TypeTraits},
  author = {Boost},
  title = {{Type Traits Documentation}},
  howpublished = {\url{http://www.boost.org/doc/libs/1_66_0/libs/type_traits/doc/html/index.html}},
  year = "2011 (accessed 2018-03-18)"
}
@misc{Boost,
  key = {Boost},
  author = {Boost},
  title = {{Type Documentation}},
  howpublished = {\url{http://www.boost.org/doc/libs/1_66_0/boost/type.hpp}},
  year = "2001 (accessed 2018-03-18)"
}
@misc{Meta,
  key = {Meta},
  author = {Eric Niebler},
  title = {{Meta: A tiny metaprogramming library}},
  howpublished = {\url{https://github.com/ericniebler/meta}},
  year = "2017 (accessed 2018-03-18)"
}
@misc{Brigand,
  key = {Brigand},
  author = {Edouard Alligand},
  title = {{Brigand Meta-programming library}},
  howpublished = {\url{https://github.com/edouarda/brigand}},
  year = "2017 (accessed 2018-03-18)"
}
@misc{Erasure,
  key = {Erasure},
  author = {Ga{\v s}per A{\v z}man},
  title = {{liberasure: A no-dependencies C++ extensible type erasure library}},
  howpublished = {\url{https://github.com/atomgalaxy/liberasure/}},
  year = "2017 (accessed 2018-03-18)"
}
@misc{Mp11,
  key = {Mp11},
  author = {Peter Dimov},
  title = {{Mp11, a C++11 metaprogramming library}},
  howpublished = {\url{https://github.com/boostorg/mp11}},
  year = "2018 (accessed 2018-03-18)"
}

@misc{P0886R0,
  key = {P0886R0},
  author = {Timur Doumler},
  title = {{The assume aligned attribute}},
  howpublished = {\url{http://www.open-std.org/jtc1/sc22/wg21/docs/papers/2018/p0886r0.pdf}},
  year = "2018-02-12"
}
@misc{P0960,
  key = {P0960},
  author = {Ville Voutilainen},
  title = {{Allow initializing aggregates from a parenthesized list of values}},
  howpublished = {\url{http://www.open-std.org/jtc1/sc22/wg21/docs/papers/2018/p0960r0.html}},
  year = "2018 (accessed 2018-06-08)"
}
@misc{P0017,
  key = {P0017},
  author = {Oleg Smolsky},
  title = {{Extension to aggregate initialization}},
  howpublished = {\url{http://www.open-std.org/jtc1/sc22/wg21/docs/papers/2015/p0017r1.html}},
  year = "2015 (accessed 2018-06-08)"
}
@misc{P0398,
  key = {P0398},
  author = {Jens Maurer},
  title = {{Core issue 1518: Explicit default constructors and copy-list-initialization}},
  howpublished = {\url{http://www.open-std.org/jtc1/sc22/wg21/docs/papers/2016/p0398r0.html}},
  year = "2016 (accessed 2018-06-08)"
}
@misc{N3653,
  key = {N3653},
  author = {Ville Voutilainen and Richard Smith},
  title = {{Member initializers and aggregates}},
  howpublished = {\url{http://www.open-std.org/jtc1/sc22/wg21/docs/papers/2013/n3653.html}},
  year = "2013 (accessed 2018-06-08)"
}
@misc{N3605,
  key = {N3605},
  author = {Ville Voutilainen},
  title = {{Member initializers and aggregates}},
  howpublished = {\url{http://www.open-std.org/jtc1/sc22/wg21/docs/papers/2013/n3605.html}},
  year = "2013 (accessed 2018-06-08)"
}
@misc{N2346,
  key = {N2346},
  author = {Lawrence Crowl},
  title = {{Defaulted and Deleted Functions}},
  howpublished = {\url{http://www.open-std.org/jtc1/sc22/wg21/docs/papers/2007/n2346.htm}},
  year = "2007 (accessed 2018-06-08)"
}
@misc{CWG886,
  key = {CWG886},
  author = {Daniel Kr\"ugler},
  title = {{Core Issue 886: Member initializers and aggregates}},
  howpublished = {\url{http://www.open-std.org/jtc1/sc22/wg21/docs/cwg_defects.html#886}},
  year = "2009 (accessed 2018-06-08)"
}
@misc{CWG1355,
  key = {CWG1355},
  author = {Sean Hunt},
  title = {{Core Issue 1355: Aggregates and ``user-provided'' constructors}},
  howpublished = {\url{http://www.open-std.org/jtc1/sc22/wg21/docs/cwg_defects.html#1355}},
  year = "2011 (accessed 2018-06-08)"
}
@misc{CWG1578,
  key = {CWG1578},
  author = {Alisdair Meredith},
  title = {{Core Issue 1578: Value-initialization of aggregates}},
  howpublished = {\url{http://www.open-std.org/jtc1/sc22/wg21/docs/cwg_closed.html#1578}},
  year = "2012 (accessed 2018-06-08)"
}
@misc{CWG1301,
  key = {CWG1301},
  author = {Jason Merrill},
  title = {{Core Issue 1301: Value initialization of union}},
  howpublished = {\url{http://www.open-std.org/jtc1/sc22/wg21/docs/cwg_defects.html#1301}},
  year = "2011 (accessed 2018-06-08)"
}
@misc{CWG2467,
  key = {CWG2467},
  author = {Richard Smith},
  title = {{Core Issue 2467: CTAD for alias templates and the deducible check}},
  howpublished = {\url{https://www.open-std.org/jtc1/sc22/wg21/docs/cwg_active.html#2467}},
  year = "2019-08-12 (accessed 2022-05-20)"
}
@misc{CWG1314,
  key = {CWG1314},
  author = {Nikolay Ivchenkov},
  title = {{Core Issue 1314: Pointer arithmetic within standard-layout objects}},
  howpublished = {\url{https://www.open-std.org/jtc1/sc22/wg21/docs/cwg_closed.html#1314}},
  year = "2011-05-06"
}
@misc{CWG1657,
  key = {CWG1657},
  author = {Richard Smith},
  title = {{Core Issue 1657: Attributes for namespaces and enumerators}},
  howpublished = {\url{https://cplusplus.github.io/CWG/issues/1657.html}},
  year = "2013-08-26"
}
@misc{CWG2262,
  key = {CWG2262},
  author = {Richard Smith},
  title = {{Core Issue 2262: Attributes for \emph{asm-definition}}},
  howpublished = {\url{https://cplusplus.github.io/CWG/issues/2262.html}},
  year = "2016-05-04"
}
@misc{CWG3022,
  key = {CWG3022},
  author = {Timur Doumler},
  title = {{Core Issue 3022: Redundant specification of explicit destructor calls}},
  howpublished = {\url{https://cplusplus.github.io/CWG/issues/3022.html}},
  year = "2025-04-13"
}
@misc{CWG3034,
  key = {CWG3034},
  author = {Timur Doumler},
  title = {{Core Issue 3034: Infinite recursion should hit an implementation limit}},
  howpublished = {\url{https://cplusplus.github.io/CWG/issues/3034.html}},
  year = "2025-07-26"
}
@misc{P0965,
  key = {P0965},
  author = {Ville Voutilainen},
  title = {{Initializers of objects with automatic and dynamic storage duration have funny inconsistencies}},
  howpublished = {\url{http://www.open-std.org/jtc1/sc22/wg21/docs/papers/2018/p0965r0.html}},
  year = "2018-02-12"
}

@misc{P1061R0,
  key = {P1061},
  author = {Barry Revzin and Jonathan Wakely},
  title = {{Structured Bindings can introduce a Pack}},
  howpublished = {\url{http://open-std.org/JTC1/SC22/WG21/docs/papers/2018/p1061r0.html}},
  year = "2018"
}
@misc{P1091R0,
  key = {P1091},
  author = {Nicolas Lesser},
  title = {{Extending structured bindings to be more like variable declarations}},
  howpublished = {\url{http://open-std.org/JTC1/SC22/WG21/docs/papers/2018/p1091r0.html}},
  year = "2018"
}
@misc{P0144R2,
  key = {P0144},
  author = {Herb Sutter and Bjarne Stroustrup and Gabriel Dos Reis},
  title = {{Structured bindings}},
  howpublished = {\url{http://www.open-std.org/jtc1/sc22/wg21/docs/papers/2016/p0144r2.pdf}},
  year = "2016"
}



@misc{Smith2019,
  key = {Smith2019},
  author = {Richard Smith},
  title = {{Working Draft, Standard for Programming Language C++}},
  howpublished = {\url{https://github.com/cplusplus/draft}},
  year = "2019-05-24"
}
@misc{Regehr2014,
  key = {Regehr2014},
  author = {{John Regehr}},
  title = {{Assertions Are Pessimistic, Assumptions Are Optimistic}},
  howpublished = {\url{https://blog.regehr.org/archives/1096}},
  year = "2014-02-05"
}
@misc{N4425,
  key = {N4425},
  author = {Hal Finkel},
  title = {{Generalized Dynamic Assumptions}},
  howpublished = {\url{http://www.open-std.org/jtc1/sc22/wg21/docs/papers/2015/n4425.pdf}},
  year = "2015­-04-­07"
}
@misc{P0627R3,
  key = {P0627R3},
  author = {Melissa Mears},
  title = {{Function to mark unreachable code}},
  howpublished = {\url{http://www.open-std.org/jtc1/sc22/wg21/docs/papers/2018/p1007r3.pdf}},
  year = "2018-10-08"
}

@misc{P1007R3,
  key = {P1007R3},
  author = {{Timur Doumler} and {Chandler Carruth}},
  title = {{std::assume_aligned}},
  howpublished = {\url{http://www.open-std.org/jtc1/sc22/wg21/docs/papers/2018/p1007r3.pdf}},
  year = "2018-11-07"
}
@misc{P0479R5,
  key = {P0479R5},
  author = {Clay Trychta},
  title = {{Proposed wording for likely and unlikely attributes (Revision 5)}},
  howpublished = {\url{http://www.open-std.org/jtc1/sc22/wg21/docs/papers/2018/p0479r5.html}},
  year = "2018-03-16"
}
@misc{P1607R0,
  key = {P1607R0},
  author = {{Joshua Berne} and {Jeff Snyder} and {Ryan McDougall}},
  title = {{Minimizing Contracts}},
  howpublished = {\url{http://www.open-std.org/jtc1/sc22/wg21/docs/papers/2019/p1607r0.pdf}},
  year = "2019-03-10"
}
@misc{P1429R2,
  key = {P1429R2},
  author = {{Joshua Berne} and {John Lakos}},
  title = {{Contracts That Work}},
  howpublished = {\url{http://www.open-std.org/jtc1/sc22/wg21/docs/papers/2019/p1429r2.pdf}},
  year = "2019-06-14"
}
@misc{P1429R3,
  key = {P1429R3},
  author = {{Joshua Berne} and {John Lakos}},
  title = {{Contracts That Work}},
  howpublished = {\url{https://wg21.link/p1429r3}},
  year = "2019-07-23"
}
@misc{P0681R0,
  key = {P0681R0},
  author = {{Lisa Lippincott}},
  title = {{Precise Semantics for Assertions}},
  howpublished = {\url{http://www.open-std.org/jtc1/sc22/wg21/docs/papers/2017/p0681r0.pdf}},
  year = "2017-06-16"
}
@misc{P1773R0,
  key = {P1773R0},
  author = {{Timur Doumler}},
  title = {{Contracts have failed to provide a portable ``assume''}},
  howpublished = {\url{http://www.open-std.org/jtc1/sc22/wg21/docs/papers/2019/p1773r0.pdf}},
  year = "2019-06-17"
}
@misc{P1774R0,
  key = {P1774R0},
  author = {{Timur Doumler}},
  title = {{Portable optimisation hints}},
  howpublished = {\url{http://www.open-std.org/jtc1/sc22/wg21/docs/papers/2017/p1774r0.pdf}},
  year = "2019-06-17"
}
@misc{P1774R6,
  key = {P1774R6},
  author = {{Timur Doumler}},
  title = {{Portable assumptions}},
  howpublished = {\url{http://www.open-std.org/jtc1/sc22/wg21/docs/papers/2022/p1774r6.pdf}},
  year = "2022-02-15"
}

@misc{P1774R8,
  key = {P1774R8},
  author = {{Timur Doumler}},
  title = {{Portable assumptions}},
  howpublished = {\url{https://wg21.link/p1774r8}},
  year = "2022-06-14"
}

@misc{P0476R2,
  key = {P0476R2},
  author = {{JF Bastien}},
  title = {{Bit-casting object representations}},
  howpublished = {\url{http://www.open-std.org/jtc1/sc22/wg21/docs/papers/2018/p0476r2.html}},
  year = "2017-11-10"
}
@misc{P0593R4,
  key = {P0593R4},
  author = {{Richard Smith}},
  title = {{Implicit creation of objects for low-level object manipulation}},
  howpublished = {\url{http://www.open-std.org/jtc1/sc22/wg21/docs/papers/2019/p0593r4.html}},
  year = "2019-06-16"
}
@misc{P0593R5,
  key = {P0593R5},
  author = {{Richard Smith}},
  title = {{Implicit creation of objects for low-level object manipulation}},
  howpublished = {\url{https://www.open-std.org/jtc1/sc22/wg21/docs/papers/2019/p0593r5.html}},
  year = "2019-10-06"
}
@misc{P0593R6,
  key = {P0593R6},
  author = {{Richard Smith}},
  title = {{Implicit creation of objects for low-level object manipulation}},
  howpublished = {\url{https://www.open-std.org/jtc1/sc22/wg21/docs/papers/2020/p0593r6.html}},
  year = "2020-02-14"
}
@misc{P1839R0,
  key = {P1839R0},
  author = {{Krystian Stasiowski}},
  title = {{Accessing Object Representations}},
  howpublished = {\url{http://www.open-std.org/jtc1/sc22/wg21/docs/papers/2019/p1839r0.pdf}},
  year = "2019-07-30"
}


@misc{N4820,
  key = {N4820},
  author = {Richard Smith},
  title = {{Working Draft, Standard for Programming Language C++}},
  howpublished = {\url{http://www.open-std.org/jtc1/sc22/wg21/docs/papers/2019/n4820.pdf}},
  year = "2019-06-17"
}
@misc{P1021R4,
  key = {P1021R4},
  author = {{Mike Spertus} and {Timur Doumler} and {Richard Smith}},
  title = {{Filling holes in Class Template Argument Deduction}},
  howpublished = {\url{http://www.open-std.org/jtc1/sc22/wg21/docs/papers/2019/p1021r4.html}},
  year = "2019-06-17"
}

@misc{P1021R5,
  key = {P1021R5},
  author = {{Mike Spertus} and {Timur Doumler} and {Richard Smith}},
  title = {{Filling holes in Class Template Argument Deduction}},
  howpublished = {\url{http://www.open-std.org/jtc1/sc22/wg21/docs/papers/2019/p1021r5.html}},
  year = "2019-08-15"
}
@misc{P1021R6,
  key = {P1021R6},
  author = {{Mike Spertus} and {Timur Doumler} and {Richard Smith}},
  title = {{Filling holes in Class Template Argument Deduction}},
  howpublished = {\url{http://www.open-std.org/jtc1/sc22/wg21/docs/papers/2022/p1021r6.html}},
  year = "2022-05-15"
}

@misc{P1816R0,
  key = {P1816R0},
  author = {{Timur Doumler}},
  title = {{Wording for class template argument deduction for aggregates}},
  howpublished = {\url{http://www.open-std.org/jtc1/sc22/wg21/docs/papers/2019/p1816r0.pdf}},
  year = "2019-07-70"
}




@misc{N4849,
  key = {N4849},
  author = {Richard Smith},
  title = {{Working Draft, Standard for Programming Language C++}},
  howpublished = {\url{http://www.open-std.org/jtc1/sc22/wg21/docs/papers/2020/n4849.pdf}},
  year = "2020-01-14"
}


@misc{P2064R0,
  key = {P2064R0},
  author = {Herb Sutter},
  title = {{Assumptions}},
  howpublished = {\url{http://www.open-std.org/jtc1/sc22/wg21/docs/papers/2020/p2064r0.pdf}},
  year = "2020-01-13"
}
@misc{P0627R6,
  key = {P0627R6},
  author = {{Melissa Mears} and {Jens Maurer}},
  title = {{Function to mark unreachable code}},
  howpublished = {\url{http://www.open-std.org/jtc1/sc22/wg21/docs/papers/2021/p0627r6.pdf}},
  year = "2021-10-15"
}
@misc{N4892,
  key = {N4892},
  author = {Thomas K\" oppe},
  title = {{Working Draft, Standard for Programming Language C++}},
  howpublished = {\url{http://www.open-std.org/jtc1/sc22/wg21/docs/papers/2021/n4892.pdf}},
  year = "2021-06-18"
}
@misc{N4910,
  key = {N4910},
  author = {Thomas K\" oppe},
  title = {{Working Draft, Standard for Programming Language C++}},
  howpublished = {\url{http://www.open-std.org/jtc1/sc22/wg21/docs/papers/2022/n4910.pdf}},
  year = "2022-03-17"
}
@misc{P2358R0,
  key = {P2358R0},
  author = {{Ga{\v s}per A{\v z}man} and {John McFarlane} and {Bronek Kozicki}},
  title = {{Defining contracts}},
  howpublished = {\url{http://www.open-std.org/jtc1/sc22/wg21/docs/papers/2021/p2358r0.pdf}},
  year = "2020-01-14"
}
@misc{P2388R0,
  key = {P2388R0},
  author = {{Andrzej Krzemie\' nski} and {Ga{\v s}per A{\v z}man}},
  title = {{Abort-only contract support}},
  howpublished = {\url{https://wg21.link/p2388r0}},
  year = "2021-06-15"
}
@misc{P2388R3,
  key = {P2388R3},
  author = {{Andrzej Krzemie\' nski} and {Ga{\v s}per A{\v z}man}},
  title = {{Minimum Contract Support: either \emph{No_eval} or \emph{Eval_and_abort}
 contracts}},
  howpublished = {\url{https://wg21.link/p2388r3}},
  year = "2021-10-13"
}
@misc{P2388R4,
  key = {P2388R4},
  author = {{Andrzej Krzemie\' nski} and {Ga{\v s}per A{\v z}man}},
  title = {{Minimum Contract Support: either \emph{No_eval} or \emph{Eval_and_abort}
 contracts}},
  howpublished = {\url{https://wg21.link/p2388r3}},
  year = "2021-11-15"
}
@misc{P2487R0,
  key = {P2487R0},
  author = {{Andrzej Krzemie\' nski}},
  title = {{Attribute-like syntax for contract annotations}},
  howpublished = {\url{http://www.open-std.org/jtc1/sc22/wg21/docs/papers/2021/p2487r0.html}},
  year = "2021-11-12"
}
@misc{P2461R1,
  key = {P2461R1},
  author = {{Ga{\v s}per A{\v z}man} and {Caleb Sunstrum} and {Bronek Kozicki}},
  title = {{Closure-Based Syntax for Contracts}},
  howpublished = {\url{https://wg21.link//p2461r1}},
  year = "2021-11-15"
}
@misc{P2737R0,
  key = {P2737R0},
  author = {{Andrew Tomazos}},
  title = {{Proposal of Condition-centric Contracts
Syntax}},
  howpublished = {\url{https://www.open-std.org/jtc1/sc22/wg21/docs/papers/2023/p2737r0.pdf}},
  year = "2021-11-15"
}
@misc{Amini2021,
  key = {Amini2021},
  author = {{Parsa Amini}},
  title = {{Asserting Your Way To Faster Programs}},
  howpublished = {CppCon talk},
  year = "2021-10-28"
}
@misc{Lippincott2025,
  key = {Lippincott2025},
  author = {{Lisa Lippincott}},
  title = {{Balancing the Books}},
  howpublished = {C++Now talk},
  year = "2025-04-30"
}
@misc{P1144R5,
  key = {P1144R5},
  author = {{Arthur O'Dwyer}},
  title = {{Object relocation in terms of move plus destroy}},
  howpublished = {\url{http://www.open-std.org/jtc1/sc22/wg21/docs/papers/2020/p1144r5.html}},
  year = "2020-03-01"
}
@misc{OpenMP5.1,
  key = {OpenMP5.1},
  title = {{OpenMP Application Programming Interface, Version 5.1}},
  howpublished = {\url{https://www.openmp.org/wp-content/uploads/OpenMP-API-Specification-5-1.pdf}},
  year = "2020-11"
}

@misc{P2507R1,
  key = {P2507R1},
  author = {{Peter Brett}},
  title = {{Limit \tcode{[[assume]]} to conditional-expressions}},
  howpublished = {\url{http://www.open-std.org/jtc1/sc22/wg21/docs/papers/2022/p2507r1.pdf}},
  year = "2021-12-15"
}

@misc{P2552R0,
  key = {P2552R0},
  author = {{Timur Doumler}},
  title = {{On the ignorability of standard attributes}},
  howpublished = {\url{http://www.open-std.org/jtc1/sc22/wg21/docs/papers/2022/p2552r0.pdf}},
  year = "2022-02-15"
}
@misc{P2590R2,
  key = {P2590R2},
  author = {{Timur Doumler} and {Richard Smith}},
  title = {{Explicit lifetime management}},
  howpublished = {\url{https://www.open-std.org/jtc1/sc22/wg21/docs/papers/2022/p2590r2.pdf}},
  year = "2022-07-15"
}

@misc{P1018R15,
  key = {P1018R15},
  author = {{JF Bastien}},
  title = {{C++ Language Evolution status pandemic edition 2022/01–2022/02}},
  howpublished = {\url{http://www.open-std.org/jtc1/sc22/wg21/docs/papers/2022/p1018r15.html}},
  year = "2022-02-15"
}

@misc{P1018R17,
  key = {P1018R17},
  author = {{JF Bastien}},
  title = {{C++ Language Evolution status pandemic edition 2022/06–2022/07}},
  howpublished = {\url{https://www.open-std.org/jtc1/sc22/wg21/docs/papers/2022/p1018r17.html}},
  year = "2022-07-10"
}

@misc{N2761,
  key = {N2761},
  author = {{Jens Maurer} and {Michael Wong}},
  title = {{Towards support for attributes in C++ (Revision 6)}},
  howpublished = {\url{http://www.open-std.org/jtc1/sc22/wg21/docs/papers/2008/n2761.pdf}},
  year = "2008-09-18"
}
@misc{N3190,
  key = {N3190},
  author = {{Lawrence Crowl} and {Daveed Vandevoorde}},
  title = {{C and C++ Alignment Compatibility}},
  howpublished = {\url{http://www.open-std.org/jtc1/sc22/wg21/docs/papers/2010/n3190.htm}},
  year = "2008-09-18"
}

@misc{CWG2538,
  key = {CWG2538},
  author = {{Jens Maurer}},
  title = {{Core issue 2538. Can standard attributes be syntactically ignored?}},
  howpublished = {\url{https://cplusplus.github.io/CWG/issues/2538.html}},
  year = "2022-03-26"
}
@misc{CWG2695,
  key = {CWG2695},
  author = {{Timur Doumler}},
  title = {{Core issue 2695. Semantic ignorability of attributes}},
  howpublished = {\url{https://cplusplus.github.io/CWG/issues/2695.html}},
  year = "2023-02-09"
}

 Semantic ignorability of attributes

@misc{P1945R0,
  key = {P1945R0},
  author = {{Krystian Stasiowski}},
  title = {{Making More Objects Contiguous}},
  howpublished = {\url{https://www.open-std.org/jtc1/sc22/wg21/docs/papers/2020/p1945r0.pdf}},
  year = "2019-10-28"
}

@misc{P0137R1,
  key = {P0137R1},
  author = {{Richard Smith}},
  title = {{Core Issue 1776: Replacement of class objects containing reference members}},
  howpublished = {\url{https://www.open-std.org/jtc1/sc22/wg21/docs/papers/2016/p0137r1.html}},
  year = "2019-10-28"
}
@misc{P1010R1,
  key = {P1010R1},
  author = {{Mark Zeren} and {Chris Kennelly}},
  title = {{Container support for implicit lifetime types}},
  howpublished = {\url{https://www.open-std.org/jtc1/sc22/wg21/docs/papers/2018/p1010r1.html}},
  year = "2018-10-08"
}
@misc{CWG2605,
  key = {CWG2605},
  author = {{Davis Herring}},
  title = {{Core Issue 2605: Implicit-lifetime aggregates}},
  howpublished = {\url{https://www.open-std.org/jtc1/sc22/wg21/docs/cwg_active.html#2605}},
  year = "2022-06-27"
}
@misc{P2521R2,
  key = {P2521R2},
  author = {{Ga\v sper A\v zman} and {Joshua Berne} and {Bronek Kozicki} and {Andrzej Krzemie\' nski} and {Ryan McDougall} and {Caleb Sunstrum}},
  title = {{Contract support -- Working paper}},
  howpublished = {\url{https://wg21.link/p2521r2}},
  year = "2022-03-15"
}
@misc{CWG2118,
  key = {CWG2118},
  author = {{Richard Smith}},
  title = {{Core Issue 2118: Stateful metaprogramming via friend injection}},
  howpublished = {\url{https://cplusplus.github.io/CWG/issues/2118.html}},
  year = "2022-06-27"
}
@misc{P2679R0,
  key = {P2679R0},
  author = {{Timur Doumler} and {Arthur O'Dwyer} and {Richard Smith}},
  title = {{Fixing \tcode{std::start_lifetime_as} for arrays}},
  howpublished = {\url{https://www.open-std.org/jtc1/sc22/wg21/docs/papers/2022/p2679r0.pdf}},
  year = "2022-10-15"
}
@misc{P2148R0,
  key = {P2148R0},
  author = {{CJ Johnson} and {Bryce Adelstein Lelbach}},
  title = {{Library Evolution Design Guidelines}},
  howpublished = {\url{https://www.open-std.org/jtc1/sc22/wg21/docs/papers/2020/p2148r0.pdf}},
  year = "2020-09-23"
}
@misc{N3248,
  key = {N3248},
  author = {{Alisdair Meredith} and {John Lakos}},
  title = {{\tcode{noexcept} Prevents Library Validation}},
  howpublished = {\url{https://www.open-std.org/jtc1/sc22/wg21/docs/papers/2011/n3248.pdf}},
  year = "2011-02-28"
}
@misc{N3279,
  key = {N3279},
  author = {{Alisdair Meredith} and {John Lakos}},
  title = {{Conservative use of \tcode{noexcept} in the Library}},
  howpublished = {\url{https://www.open-std.org/jtc1/sc22/wg21/docs/papers/2011/n3279.pdf}},
  year = "2011-03-25"
}
@misc{O'Dwyer2018,
  key = {O'Dwyer2018},
  author = {Arthur O'Dwyer},
  title = {{The Lakos Rule}},
  howpublished = {\url{https://quuxplusone.github.io/blog/2018/04/25/the-lakos-rule/}},
  year = "2018-04-25"
}
@misc{P0884R0,
  key = {P0884R0},
  author = {Nicolai Josuttis},
  title = {{Extending the noexcept Policy, Rev0}},
  howpublished = {\url{https://www.open-std.org/jtc1/sc22/wg21/docs/papers/2018/p0884r0.pdf}},
  year = "2018-02-10"
}
@misc{P1656R2,
  key = {P1656R2},
  author = {Agust\'in Berg\'e},
  title = {{``Throws: Nothing'' should be \tcode{noexcept}}},
  howpublished = {\url{https://www.open-std.org/jtc1/sc22/wg21/docs/papers/2020/p1656r2.html}},
  year = "2020-02-11"
}
@misc{P2514R0,
  key = {P2514R0},
  author = {{Ren\'e Ferdinand Rivera Morell} and {Isabella Muerte}},
  title = {{\tcode{std::breakpoint}}},
  howpublished = {\url{https://www.open-std.org/jtc1/sc22/wg21/docs/papers/2022/p2514r0.html}},
  year = "2021-12-30"
}
@misc{P2695R1,
  key = {P2695R1},
  author = {{Timur Doumler} and {John Spicer}},
  title = {{A proposed plan for Contracts in C++}},
  howpublished = {\url{https://wg21.link/p2695r1}},
  year = "2023-02-09"
}
@misc{P2521R3,
  key = {P2521R3},
  author = {{Ga\v sper A\v zman} and {Joshua Berne} and {Bronek Kozicki} and {Andrzej Krzemie\' nski} and {Ryan McDougall} and {Caleb Sunstrum}},
  title = {{Contract support -- Record of SG21 consensus}},
  howpublished = {\url{https://wg21.link/p2521r3}},
  year = "2023-02-10"
}
@misc{P2521R5,
  key = {P2521R5},
  author = {{Andrzej Krzemie\' nski} and {Ga\v sper A\v zman} and {Joshua Berne} and {Bronek Kozicki} and {Ryan McDougall} and {Caleb Sunstrum}},
  title = {{Contract support -- Record of SG21 consensus}},
  howpublished = {\url{https://wg21.link/p2521r5}},
  year = "2023-08-15"
}
@misc{P2698R0,
  key = {P2698R0},
  author = {{Bjarne Stroustrup}},
  title = {{Unconditional termination is a serious problem}},
  howpublished = {\url{https://www.open-std.org/jtc1/sc22/wg21/docs/papers/2022/p2698r0.pdf}},
  year = "2022-11-18"
}
@misc{P2811R3,
  key = {P2811R3},
  author = {{Joshua Berne}},
  title = {{Contract-violation handlers}},
  howpublished = {\url{https://wg21.link/p2811r3}},
  year = "2023-05-04"
}
@misc{P2811R5,
  key = {P2811R5},
  author = {{Joshua Berne}},
  title = {{Contract-violation handlers}},
  howpublished = {\url{https://wg21.link/p2811r5}},
  year = "2023-06-08"
}
@misc{P2811R7,
  key = {P2811R7},
  author = {{Joshua Berne}},
  title = {{Contract-violation handlers}},
  howpublished = {\url{https://wg21.link/p2811r7}},
  year = "2023-06-27"
}
@misc{P2780R0,
  key = {P2780R0},
  author = {{Ville Voutilainen}},
  title = {{Caller-side precondition checking, and Eval_and_throw
}},
  howpublished = {\url{https://www.open-std.org/jtc1/sc22/wg21/docs/papers/2023/p2780r0.html}},
  year = "2023-03-02"
}
@misc{P2784R0,
  key = {P2784R0},
  author = {{Andrzej Krzemie\' nski}},
  title = {{Not halting the program after detected contract violation}},
  howpublished = {\url{https://www.open-std.org/jtc1/sc22/wg21/docs/papers/2023/p2784r0.html}},
  year = "2023-02-09"
}
@misc{MSVCDocLongjmp,
  key = {MSVCDocLongjmp},
  title = {{Microsoft Visual Studio 2022 Documentation --- \tcode{longjmp}}},
  howpublished = {\url{https://learn.microsoft.com/en-us/cpp/c-runtime-library/reference/longjmp?view=msvc-170}},
  year = "2022-02-12"
}
@misc{GTestDocDeathTests,
  key = {GTestDocDeathTests},
  title = {{Advanced GoogleTest Topics
 --- Death Tests}},
  howpublished = {\url{https://github.com/google/googletest/blob/main/docs/advanced.md#death-tests}},
  year = "2023-03-24"
}
@misc{LLVMReviewD59166,
  key = {LLVMReviewD59166},
  title = {{Remove exception throwing debug mode handler support}},
  howpublished = {\url{https://reviews.llvm.org/D59166}},
  year = "2019-03-08"
}
@misc{EMC++S,
  key = {EMC++S},
  author = {{John Lakos} and {Vittorio Romeo} and {Rostislav Khlebnikov} and {Alisdair Meredith}},
  title = {{Embracing Modern C++ Safely}},
  year = "2021",
  howpublished = {Addison-Wesley}
}
@misc{Mortoray2013,
  key = {Mortoray2013},
  author = {{Edaqa Mortoray}},
  title = {{The true cost of zero cost exceptions}},
  howpublished = {\url{https://mortoray.com/2013/09/12/the-true-cost-of-zero-cost-exceptions/}},
  year = "2013-09-12"
}
@misc{Mahaffey2017,
  key = {Mahaffey2017},
  author = {{Terry Mahaffey}},
  title = {{Please, Please Help the Compiler}},
  howpublished = {\url{https://github.com/TriangleCppDevelopersGroup/TerryMahaffeyCppTalk}},
  year = "2017-12-09",
}
@misc{Dekker2019,
  key = {Dekker2019},
  author = {{Niels Dekker}},
  title = {{\tcode{noexcept} considered harmful}},
  howpublished = {\url{https://www.youtube.com/watch?v=dVRLp-Rwg0k}},
  year = "CppOnSea 2019",
}
@misc{TR18015,
  key = {TR18015},
  title = {{Technical Report on C++ Performance}},
  howpublished = {\url{https://www.open-std.org/jtc1/sc22/wg21/docs/TR18015.pdf}},
  year = "2006-02-15"
}
@misc{P2852R0,
  key = {P2852R0},
  author = {{Tom Honermann}},
  title = {{Contract violation handling semantics for the contracts MVP}},
  howpublished = {\url{https://www.open-std.org/jtc1/sc22/wg21/docs/papers/2023/P2852R0.html}},
  year = "2023-04-24"
}
@misc{P2834R0,
  key = {P2834R0},
  author = {{Joshua Berne} and {John Lakos}},
  title = {{Semantic Stability Across Contract-Checking Build Modes}},
  howpublished = {\url{https://isocpp.org/files/papers/P2834R0.pdf}},
  year = "2023-05-08"
}
@misc{P2834R1,
  key = {P2834R1},
  author = {{Joshua Berne} and {John Lakos}},
  title = {{Semantic Stability Across Contract-Checking Build Modes}},
  howpublished = {\url{https://wg21.link/p2834r1}},
  year = "2023-05-15"
}
@misc{P1705R1,
  key = {P1705R1},
  author = {{Shafik Yaghmour}},
  title = {{Enumerating Core Undefined Behavior}},
  howpublished = {\url{https://www.open-std.org/jtc1/sc22/wg21/docs/papers/2019/p1705r1.html}},
  year = "2019-09-28"
}
@misc{N2855,
  key = {N2855},
  author = {{Douglas Gregor} and {David Abrahams}},
  title = {{Rvalue References and Exception Safety}},
  howpublished = {\url{https://www.open-std.org/jtc1/sc22/wg21/docs/papers/2009/n2855.html}},
  year = "2009-03-23"
}
@misc{N3050,
  key = {N3050},
  author = {{David Abrahams} and {Rani Sharoni} and {Doug Gregor}},
  title = {{Allowing Move Constructors to Throw (Rev. 1)}},
  howpublished = {\url{https://www.open-std.org/jtc1/sc22/wg21/docs/papers/2010/n3050.html}},
  year = "2010-03-12"
}
@misc{P2858R0,
  key = {P2858R0},
  author = {{Andrzej Krzemie\' nski}},
  title = {{Noexcept vs contract violations}},
  howpublished = {\url{https://isocpp.org/files/papers/P2858R0.html}},
  year = "2023-05-12"
}
@misc{P2861R0,
  key = {P2861R0},
  author = {{John Lakos}},
  title = {{Narrow Contracts and \tcode{noexcept} Are Inherently Incompatible: The Lakos Rule}},
  howpublished = {\url{https://wg21.link/p2861r0}},
  year = "2023-05-15"
}
@misc{P2036R1,
  key = {P2036R1},
  author = {{Barry Revzin}},
  title = {{Change scope of lambda \emph{trailing-return-type}}},
  howpublished = {\url{https://www.open-std.org/jtc1/sc22/wg21/docs/papers/2021/p2036r1.html}},
  year = "2021-01-13"
}
@misc{P2036R3,
  key = {P2036R3},
  author = {{Barry Revzin}},
  title = {{Change scope of lambda \emph{trailing-return-type}}},
  howpublished = {\url{https://www.open-std.org/jtc1/sc22/wg21/docs/papers/2021/p2036r3.html}},
  year = "2021-09-14"
}
@misc{P2877R0,
  key = {P2877R0},
  author = {{Joshua Berne} and {Tom Honermann}},
  title = {{Contract Build Modes, Semantics, and Implementation Strategies}},
  howpublished = {\url{https://wg21.link/p2877r0}},
  year = "2023-06-09"
}
@misc{P2885R2,
  key = {P2885R2},
  author = {{Timur Doumler} and {Ga\v sper A\v zman} and {Joshua Berne} and {Andrzej Krzemie\' nski} and {Ville Voutilainen} and {Tom Honermann}},
  title = {{Requirements for a Contracts syntax}},
  howpublished = {\url{https://wg21.link/p2885r2}},
  year = "2023-08-29"
}
@misc{P2890R0,
  key = {P2890R0},
  author = {{Timur Doumler}},
  title = {{Contracts on lambdas}},
  howpublished = {\url{https://www.open-std.org/jtc1/sc22/wg21/docs/papers/2023/p2890r0.pdf}},
  year = "2023-08-10"
}
@misc{P2890R2,
  key = {P2890R2},
  author = {{Timur Doumler}},
  title = {{Contracts on lambdas}},
  howpublished = {\url{https://wg21.link/p2890R2}},
  year = "2023-12-13"
}
@misc{P3066R0,
  key = {P3066R0},
  author = {{Timur Doumler}},
  title = {{Allow repeating contract annotations on non-first declarations}},
  howpublished = {\url{https://wg21.link/p3066r0}},
  year = "2023-12-04"
}
@misc{P2552R2,
  key = {P2552R2},
  author = {{Timur Doumler}},
  title = {{On the ignorability of standard attributes}},
  howpublished = {\url{https://www.open-std.org/jtc1/sc22/wg21/docs/papers/2023/p2552r2.pdf}},
  year = "2023-05-19"
}
@misc{P0750R1,
  key = {P0750R1},
  author = {{JF Bastien} and {Paul E. McKenney}},
  title = {{Consume}},
  howpublished = {\url{https://www.open-std.org/jtc1/sc22/wg21/docs/papers/2018/p0750r1.html}},
  year = "2018-02-11"
}
@misc{P2896R0,
  key = {P2896R0},
  author = {{Timur Doumler}},
  title = {{Outstanding design questions for the Contracts MVP}},
  howpublished = {\url{https://wg21.link/p2896r0}},
  year = "2023-08-22"
}
@misc{P2448R2,
  key = {P2448R2},
  author = {{Barry Revzin}},
  title = {{Relaxing some \tcode{constexpr} restrictions}},
  howpublished = {\url{https://www.open-std.org/jtc1/sc22/wg21/docs/papers/2022/p2448r2.html}},
  year = "2022-01-27"
}
@misc{P1995R1,
  key = {P1995R1},
  author = {{Joshua Berne} and {Timur Doumler} and {Andrzej Krzemie\' nski} and {Ryan McDougall} and {Herb Sutter}},
  title = {{Contracts -- Use Cases}},
  howpublished = {\url{https://www.open-std.org/jtc1/sc22/wg21/docs/papers/2020/p1995r1.html}},
  year = "2020-03-02"
}
@misc{P2935R0,
  key = {P2935R0},
  author = {{Joshua Berne}},
  title = {{An Attribute-Like Syntax for Contracts}},
  howpublished = {\url{https://www.open-std.org/jtc1/sc22/wg21/docs/papers/2023/p2935r0.pdf}},
  year = "2023-08-14"
}
@misc{P2935R3,
  key = {P2935R3},
  author = {{Joshua Berne}},
  title = {{An Attribute-Like Syntax for Contracts}},
  howpublished = {\url{https://wg21.link/p2935r3}},
  year = "2023-10-04"
}
@misc{P2487R1,
  key = {P2487R1},
  author = {{Andrzej Krzemie\' nski}},
  title = {{Is attribute-like syntax adequate for contract annotations?}},
  howpublished = {\url{https://www.open-std.org/jtc1/sc22/wg21/docs/papers/2023/p2487r1.html}},
  year = "2023-06-11"
}
@misc{P0465R0,
  key = {P0465R0},
  author = {{Lisa Lippincott}},
  title = {{Procedural function interfaces}},
  howpublished = {\url{https://www.open-std.org/jtc1/sc22/wg21/docs/papers/2016/p0465r0.pdf}},
  year = "2016-10-16"
}
@misc{P2884R0,
  key = {P2884R0},
  author = {{Alisdair Meredith}},
  title = {{\tcode{assert} Should Be A Keyword In C++26}},
  howpublished = {\url{https://www.open-std.org/jtc1/sc22/wg21/docs/papers/2023/p2884r0.pdf}},
  year = "2023-05-15"
}
@misc{P1680R0,
  key = {P1680R0},
  author = {{Andrew Sutton} and {Jeff Chapman}},
  title = {{Implementing Contracts in GCC}},
  howpublished = {\url{https://www.open-std.org/jtc1/sc22/wg21/docs/papers/2019/p1680r0.pdf}},
  year = "2019-06-17"
}
@misc{P2264R5,
  key = {P2264R5},
  author = {{Peter Sommerlad}},
  title = {{Make assert() macro user friendly for C and C++}},
  howpublished = {\url{https://wg21.link/p2264r5}},
  year = "2023-09-13"
}
@misc{P2900R0,
  key = {P2900R0},
  author = {{Joshua Berne} and {Timur Doumler} and {Andrzej Krzemie\' nski}},
  title = {{Contracts for C++}},
  howpublished = {\url{https://wg21.link/p2900r0}},
  year = "2023-09-27"
}
@misc{P2900R1,
  key = {P2900R1},
  author = {{Joshua Berne} and {Timur Doumler} and {Andrzej Krzemie\' nski}},
  title = {{Contracts for C++}},
  howpublished = {\url{https://wg21.link/p2900r1}},
  year = "2023-10-09"
}
@misc{P2900R2,
  key = {P2900R2},
  author = {{Joshua Berne} and {Timur Doumler} and {Andrzej Krzemie\' nski}},
  title = {{Contracts for C++}},
  howpublished = {\url{https://wg21.link/p2900r2}},
  year = "2023-11-11"
}
@misc{P2900R3,
  key = {P2900R3},
  author = {{Joshua Berne} and {Timur Doumler} and {Andrzej Krzemie\' nski}},
  title = {{Contracts for C++}},
  howpublished = {\url{https://wg21.link/p2900r3}},
  year = "2023-12-17"
}
@misc{P2900R4,
  key = {P2900R4},
  author = {{Joshua Berne} and {Timur Doumler} and {Andrzej Krzemie\' nski}},
  title = {{Contracts for C++}},
  howpublished = {\url{https://wg21.link/p2900r4}},
  year = "2024-01-16"
}
@misc{P2900R5,
  key = {P2900R5},
  author = {{Joshua Berne} and {Timur Doumler} and {Andrzej Krzemie\' nski}},
  title = {{Contracts for C++}},
  howpublished = {\url{https://wg21.link/p2900r5}},
  year = "2024-02-15"
}
@misc{P2900R6,
  key = {P2900R6},
  author = {{Joshua Berne} and {Timur Doumler} and {Andrzej Krzemie\' nski}},
  title = {{Contracts for C++}},
  howpublished = {\url{https://wg21.link/p2900r6}},
  year = "2024-02-29"
}
@misc{P2900R7,
  key = {P2900R7},
  author = {{Joshua Berne} and {Timur Doumler} and {Andrzej Krzemie\' nski}},
  title = {{Contracts for C++}},
  howpublished = {\url{https://wg21.link/p2900r7}},
  year = "2024-05-22"
}
@misc{P2900R8,
  key = {P2900R8},
  author = {{Joshua Berne} and {Timur Doumler} and {Andrzej Krzemie\' nski}},
  title = {{Contracts for C++}},
  howpublished = {\url{https://wg21.link/p2900r8}},
  year = "2024-07-26"
}
@misc{P2900R9,
  key = {P2900R9},
  author = {{Joshua Berne} and {Timur Doumler} and {Andrzej Krzemie\' nski}},
  title = {{Contracts for C++}},
  howpublished = {\url{https://wg21.link/p2900r9}},
  year = "2024-10-11"
}
@misc{P2900R10,
  key = {P2900R10},
  author = {{Joshua Berne} and {Timur Doumler} and {Andrzej Krzemie\' nski}},
  title = {{Contracts for C++}},
  howpublished = {\url{https://wg21.link/p2900r10}},
  year = "2024-10-12"
}
@misc{P2900R11,
  key = {P2900R11},
  author = {{Joshua Berne} and {Timur Doumler} and {Andrzej Krzemie\' nski}},
  title = {{Contracts for C++}},
  howpublished = {\url{https://wg21.link/p2900r11}},
  year = "2024-11-18"
}
@misc{P2900R12,
  key = {P2900R12},
  author = {{Joshua Berne} and {Timur Doumler} and {Andrzej Krzemie\' nski}},
  title = {{Contracts for C++}},
  howpublished = {\url{https://wg21.link/p2900r12}},
  year = "2024-12-17"
}
@misc{P2900R13,
  key = {P2900R13},
  author = {{Joshua Berne} and {Timur Doumler} and {Andrzej Krzemie\' nski}},
  title = {{Contracts for C++}},
  howpublished = {\url{https://wg21.link/p2900r13}},
  year = "2025-01-13"
}
@misc{P2900R14,
  key = {P2900R14},
  author = {{Joshua Berne} and {Timur Doumler} and {Andrzej Krzemie\' nski}},
  title = {{Contracts for C++}},
  howpublished = {\url{https://wg21.link/p2900r14}},
  year = "2025-02-13"
}
@misc{P2885R3,
  key = {P2885R3},
author = {{Timur Doumler} and {Ga\v sper A\v zman} and {Joshua Berne} and {Andrzej Krzemie\' nski} and {Ville Voutilainen} and {Tom Honermann}},
  title = {{Requirements for a Contracts syntax}},
  howpublished = {\url{https://wg21.link/p2885r3}},
  year = "2023-10-02"
}
@misc{P2552R3,
  key = {P2552R3},
  author = {{Timur Doumler}},
  title = {{On the ignorability of standard attributes}},
  howpublished = {\url{https://wg21.link/p2552r3}},
  year = "2023-06-14"
}
@misc{P2932R1,
  key = {P2932R1},
  author = {{Joshua Berne}},
  title = {{A Principled Approach to Open Design Questions for Contracts}},
  howpublished = {\url{https://wg21.link/p2932r1}},
  year = "2023-10-04"
}
@misc{P2932R2,
  key = {P2932R2},
  author = {{Joshua Berne}},
  title = {{A Principled Approach to Open Design Questions for Contracts}},
  howpublished = {\url{https://wg21.link/p2932r2}},
  year = "2023-11-14"
}
@misc{P2932R3,
  key = {P2932R3},
  author = {{Joshua Berne}},
  title = {{A Principled Approach to Open Design Questions for Contracts}},
  howpublished = {\url{https://wg21.link/p2932r3}},
  year = "2024-01-15"
}
@misc{P2961R1,
  key = {P2961R1},
  author = {{Timur Doumler} and {Jens Maurer}},
  title = {{A natural syntax for Contracts}},
  howpublished = {\url{https://wg21.link/p2961r1}},
  year = "2023-10-12"
}
@misc{P2961R2,
  key = {P2961R2},
  author = {{Timur Doumler} and {Jens Maurer}},
  title = {{A natural syntax for Contracts}},
  howpublished = {\url{https://wg21.link/p2961r2}},
  year = "2023-11-08"
}
@misc{N4473,
  key = {N4473},
  author = {{Ville Voutilainen}},
  title = {{\tcode{noexcept(auto)}, again}},
  howpublished = {\url{https://www.open-std.org/jtc1/sc22/wg21/docs/papers/2015/n4473.html}},
  year = "2015-04-20"
}
@misc{P0133R0,
  key = {P0133R0},
  author = {{Ville Voutilainen}},
  title = {{Putting \tcode{noexcept(auto)} on hold, again}},
  howpublished = {\url{https://www.open-std.org/jtc1/sc22/wg21/docs/papers/2015/p0133r0.html}},
  year = "2015-09-27"
}
@misc{P2437R1,
  key = {P2437R1},
  author = {{Aaron Ballman}},
  title = {{Support for \tcode{\#warning}}},
  howpublished = {\url{https://www.open-std.org/jtc1/sc22/wg21/docs/papers/2022/p2437r1.pdf}},
  year = "2022-01-13"
}
@misc{P2890R1,
  key = {P2890R1},
  author = {{Timur Doumler}},
  title = {{Contracts on lambdas}},
  howpublished = {\url{https://wg21.link/p2890r1}},
  year = "2023-12-04"
}
@misc{P2969R0,
  key = {P2969R0},
  author = {{Timur Doumler} and {Ville Voutilainen} and {Tom Honermann}},
  title = {{Contract checks are potentially-throwing}},
  howpublished = {\url{https://wg21.link/p2969r0}},
  year = "2023-12-04"
}
@misc{P2894R1,
  key = {P2894R1},
  author = {{Timur Doumler}},
  title = {{Constant evaluation of Contracts}},
  howpublished = {\url{https://wg21.link/p2894r1}},
  year = "2023-12-04"
}
@misc{P2751R1,
  key = {P2751R1},
  author = {{Joshua Berne}},
  title = {{Evaluation of \emph{Checked} Contract-Checking Annotations}},
  howpublished = {\url{https://wg21.link/p2751r1}},
  year = "2023-02-14"
}
@misc{P2680R1,
  key = {P2680R1},
  author = {{Gabriel Dos Reis}},
  title = {{Contracts for C++: Prioritizing Safety}},
  howpublished = {\url{https://wg21.link/p2680r1}},
  year = "2022-12-15"
}
@misc{P3071R0,
  key = {P3071R0},
  author = {{Jens Maurer}},
  title = {{Protection against modifications in contracts}},
  howpublished = {\url{https://wg21.link/p3071r0}},
  year = "2023-12-10"
}
@misc{P3071R1,
  key = {P3071R1},
  author = {{Jens Maurer}},
  title = {{Protection against modifications in contracts}},
  howpublished = {\url{https://wg21.link/p3071r1}},
  year = "2023-12-17"
}
@misc{P2173R1,
  key = {P2173R1},
  author = {{Inbal Levi} and {Daveed Vandevoorde} and {Ville Voutilainen}},
  title = {{Attributes on Lambda-Expressions}},
  howpublished = {\url{https://wg21.link/p2173r1}},
  year = "2021-12-09"
}
@misc{P3098R0,
  key = {P3098R0},
  author = {{Timur Doumler} and {Ga\v sper A\v zman} and {Joshua Berne}},
  title = {{Contracts for C++: Postcondition captures}},
  howpublished = {\url{https://wg21.link/p3098r0}},
  year = "2024-10-14"
}
@misc{P3100R0,
  key = {P3100R0},
  author = {{Timur Doumler} and {Ga\v sper A\v zman} and {Joshua Berne}},
  title = {{Undefined and erroneous behaviour is a contract violation}},
  howpublished = {\url{https://wg21.link/p3100r0}},
  year = "2024-05-21"
}
@misc{P3100R1,
  key = {P3100R1},
  author = {{Timur Doumler} and {Ga\v sper A\v zman} and {Joshua Berne}},
  title = {{Undefined and erroneous behaviour is a contract violation}},
  howpublished = {\url{https://wg21.link/p3100r1}},
  year = "2024-10-16"
}
@misc{P3100R4,
  key = {P3100R4},
  author = {{Timur Doumler} and {Joshua Berne}},
  title = {{A framework for systematically addressing undefined behaviour in the C++ Standard}},
  howpublished = {\url{https://wg21.link/p3100r4}},
  year = "2025-08-13"
}
@misc{P2723R1,
  key = {P2723R1},
  author = {{JF Bastien}},
  title = {{Zero-initialize objects of automatic storage duration}},
  howpublished = {\url{https://wg21.link/p2723r1}},
  year = "2023-01-15"
}
@misc{P2795R4,
  key = {P2795R4},
  author = {{Thomas K\" oppe}},
  title = {{Erroneous behaviour for uninitialized reads}},
  howpublished = {\url{https://wg21.link/p2795r4}},
  year = "2023-11-10"
}
@misc{P2795R5,
  key = {P2795R5},
  author = {{Thomas K\" oppe}},
  title = {{Erroneous behaviour for uninitialized reads}},
  howpublished = {\url{https://wg21.link/p2795r5}},
  year = "2024-03-22"
}
@misc{P2973R0,
  key = {P2973R0},
  author = {{Jonathan Wakely} and {Thomas K\" oppe}},
  title = {{Erroneous behaviour for missing return from assignment}},
  howpublished = {\url{https://wg21.link/p2973r0}},
  year = "2023-09-15"
}
@misc{Bastien2023,
  key = {Bastien2023},
  author = {JF Bastien},
  title = {{Safety and Security: The Future of C++ (C++Now 2023 Keynote)}},
  howpublished = {\url{https://www.youtube.com/watch?v=Gh79wcGJdTg}},
  year = "2023-07-14"
}
@misc{Abrahams2023,
  key = {Abrahams2023},
  author = {David Abrahams},
  title = {{Values: Safety, Regularity, Independence, and the Future of Programming (CppCon 2023)}},
  howpublished = {\url{https://www.youtube.com/watch?v=QthAU-t3PQ4}},
  year = "2023-01-07"
}
@misc{Carruth2023,
  key = {Carruth2023},
  author = {Chandler Carruth},
  title = {{Carbon Language Successor Strategy: From C++ Interop to Memory Safety (C++Now 2023 Keynote)}},
  howpublished = {\url{https://www.youtube.com/watch?v=1ZTJ9omXOQ0}},
  year = "2023-09-08)"
}
@misc{Doumler2023,
  key = {Doumler2023},
  author = {Timur Doumler},
  title = {{C++ and Safety (C++North 2023)}},
  howpublished = {\url{https://www.youtube.com/watch?v=iCP2SFsBvaU}},
  year = "2023-09-22"
}
@misc{Parent2023,
  key = {Parent2023},
  author = {Sean Parent},
  title = {{All The Safeties! (C++OnSea 2023)}},
  howpublished = {\url{https://www.youtube.com/watch?v=BaUv9sgLCPc}},
  year = "2023-08-25"
}
@misc{Sutter2024,
  key = {Sutter2024},
  author = {Herb Sutter},
  title = {{C++ safety, in context}},
  howpublished = {\url{https://herbsutter.com/2024/03/11/safety-in-context/}},
  year = "2024-03-11"
}
@misc{Sutter2025,
  key = {Sutter2025},
  author = {Herb Sutter},
  title = {{Crate-training Tiamat, un-calling Cthulhu: Taming the UB monsters in C++}},
  howpublished = {\url{https://herbsutter.com/2025/03/30/crate-training-tiamat-un-calling-cthulhutaming-the-ub-monsters-in-c/}},
  year = "2025-03-30"
}
@misc{NSA2022,
  key = {NSA2022},
  author = {National Security Agency},
  title = {{Cybersecurity Information Sheet -- Software Memory Safety}},
  howpublished = {\url{https://media.defense.gov/2022/Nov/10/2003112742/-1/-1/0/CSI_SOFTWARE_MEMORY_SAFETY.PDF}},
  year = "2022-11"
}
@misc{CR2023,
  key = {CR2023},
  author = {Consumer Reports},
  title = {{Report: Future of Memory Safety}},
  howpublished = {\url{https://advocacy.consumerreports.org/wp-content/uploads/2023/01/Memory-Safety-Convening-Report-1-1.pdf}},
  year = "2023-01-22"
}
@misc{CISA2023,
  key = {CISA2023},
  author = {Cybersecurity and Infrastructure Security Agency},
  title = {{The Case for Memory Safe Roadmaps}},
  howpublished = {\url{https://www.cisa.gov/sites/default/files/2023-12/T}},
  year = "2023-12"
}
@misc{ONCD2024,
  key = {ONCD2024},
  author = {The White House},
  title = {{Back to the Building Blocks: A Path Toward Secure and Measurable Software}},
  howpublished = {\url{https://www.whitehouse.gov/wp-content/uploads/2024/02/Final-ONCD-Technical-Report.pdf}},
  year = "2024-02"
}
@misc{P2687R0,
  key = {P2687R0},
  author = {{Bjarne Stroustrup} and {Gabriel Dos Reis}},
  title = {{Design Alternatives for Type-and-Resource Safe C++}},
  howpublished = {\url{https://wg21.link/p2687r0}},
  year = "2022-10-15"
}
@misc{P2771R1,
  key = {P2771R1},
  author = {{Thomas Neumann}},
  title = {{Towards memory safety in C++}},
  howpublished = {\url{https://wg21.link/p2771r1}},
  year = "2023-05-17"
}
@misc{P2755R0,
  key = {P2755R0},
  author = {{Joshua Berne} and {Jake Fevold} and {John Lakos}},
  title = {{A Bold Plan for a Complete Contracts Facility}},
  howpublished = {\url{https://wg21.link/p2755r0}},
  year = "2023-09-13"
}
@misc{N1866,
  key = {N1866},
  author = {{Lawrence Crowl} and {Thorsten Ottosen}},
  title = {{Proposal to add Contract Programming to C++ (revision 3)}},
  howpublished = {\url{https://wg21.link/n1866}},
  year = "2005-08-24"
}
@misc{P3113R0,
  key = {P3113R0},
  author = {{Timur Doumler}},
  title = {{Contract assertions, the \tcode{noexcept} operator, and deduced exception specifications}},
  howpublished = {\url{https://wg21.link/p3113r0}},
  year = "2024-02-01"
}
@misc{P3114R0,
  key = {P3114R0},
  author = {{Andrzej Krzemie\' nski}},
  title = {{\tcode{noexcept(contract_assert(_))}}},
  howpublished = {\url{https://wg21.link/p3114r0}},
  year = "2024-02-02"
}
@misc{P2267R1,
  key = {P2267R1},
  author = {{Inbal Levi} and {Ben Craig} and {Fabio Fracassi}},
  title = {{Library Evolution Policies --- The rationale and process of setting a policy for the Standard Library}},
  howpublished = {\url{https://wg21.link/p2267r1}},
  year = "2023-11-23"
}
@misc{P2831R0,
  key = {P2831R0},
  author = {{Timur Doumler} and {Ed Catmur}},
  title = {{Functions having a narrow contract should not be \tcode{noexcept}}},
  howpublished = {\url{https://wg21.link/p2831r0}},
  year = "2023-05-15"
}
@misc{P3005R0,
  key = {P3005R0},
  author = {{John Lakos} and {Joshua Berne} and {Harold Bott} and {Mungo Gill} and {Alisdair Meredith} and {Bill Chapman} and {Mike Giroux} and {Oleg Subbotin}},
  title = {{Memorializing Principled-Design Policies for WG21}},
  howpublished = {\url{https://wg21.link/p3005r0}},
  year = "2024-02-15"
}
@misc{P3191R0,
  key = {P3191R0},
  author = {{Louis Dionne} and {Yeoul Na} and {Konstantin Varlamov}},
  title = {{Feedback on the scalability of contract violation handlers in P2900}},
  howpublished = {\url{https://wg21.link/p3191r0}},
  year = "2023-03-19"
}
@misc{P3004R0,
  key = {P3004R0},
  author = {{John Lakos} and {Harold Bott} and {Mungo Gill} and {Lori Hughes} and {Alisdair Meredith} and {Bill Chapman} and {Mike Giroux} and {Oleg Subbotin}},
  title = {{Principled Design for WG21}},
  howpublished = {\url{https://wg21.link/p3004r0}},
  year = "2024-02-13"
}
@misc{P3119R0,
  key = {P3119R0},
  author = {{Joshua Berne}},
  title = {{Tokyo Technical Fixes to Contracts}},
  howpublished = {\url{https://wg21.link/p3119r0}},
  year = "2024-04-03"
}
@misc{P3197R0,
  key = {P3197R0},
  author = {{Timur Doumler} and {John Spicer}},
  title = {{A response to the Tokyo EWG polls on the Contracts MVP (P2900R6)}},
  howpublished = {\url{https://wg21.link/p3197r0}},
  year = "2024-04-12"
}
@misc{P1670R0,
  key = {P1670R0},
  author = {{Alisdair Meredith} and {Joshua Berne}},
  title = {{Side Effects of Checked Contracts and Predicate Elision}},
  howpublished = {\url{https://wg21.link/p1670r0}},
  year = "2019-06-06"
}
@misc{P2756R0,
  key = {P2756R0},
  author = {{Andrew Tomazos}},
  title = {{Proposal of Simple Contract Side Effect Semantics}},
  howpublished = {\url{https://wg21.link/p2756r0}},
  year = "2022-12-31"
}
@misc{P2570R2,
  key = {P2570R2},
  author = {{Andrzej Krzemie\' nski}},
  title = {{Contract predicates that are not predicates}},
  howpublished = {\url{https://wg21.link/p2570r2}},
  year = "2023-01-14"
}
@misc{P3097R0,
  key = {P3097R0},
  author = {{Timur Doumler} and {Joshua Berne} and {Ga\v sper A\v zman}},
  title = {{Contracts for C++: Support for Virtual Functions}},
  howpublished = {\url{https://wg21.link/p3097r0}},
  year = "2024-04-15"
}
@misc{P3165R0,
  key = {P3165R0},
  author = {{Ville Voutilainen}},
  title = {{Contracts on virtual functions for the Contracts MVP
}},
  howpublished = {\url{https://wg21.link/p3165r0}},
  year = "2024-02-16"
}
@misc{P3073R0,
  key = {P3073R0},
  author = {{Timur Doumler}},
  title = {{Remove \tcode{evaluation_undefined_behavior} and \tcode{will_continue()} from the Contracts MVP}},
  howpublished = {\url{https://wg21.link/p3073r0}},
  year = "2024-01-26"
}
@misc{P3205R0,
  key = {P3205R0},
  author = {{Ga\v sper A\v zman} and {Jeff Snyder} and {Andrei Zissu} and {Ben Craig}},
  title = {{Throwing from a \tcode{noexcept} function should be a contract violation}},
  howpublished = {\url{https://wg21.link/p3205r0}},
  year = "2024-04-15"
}
@misc{N1613,
  key = {N1613},
  author = {{Thorsten Ottosen}},
  title = {{Proposal to add Design by Contract to C++}},
  howpublished = {\url{https://wg21.link/n1613}},
  year = "2004-03-29"
}
@misc{N1669,
  key = {N1669},
  author = {{Thorsten Ottosen}},
  title = {{Proposal to add Contract Programming to C++ (revision 1)}},
  howpublished = {\url{https://wg21.link/n1669}},
  year = "2004-09-10"
}
@misc{N3604,
  key = {N3604},
  author = {{John Lakos} and {Alexei Zakharov}},
  title = {{Centralized Defensive-Programming Support for Narrow Contracts}},
  howpublished = {\url{https://wg21.link/n3604}},
  year = "2013-03-08"
}
@misc{N4110,
  key = {N4110},
  author = {{J. Daniel Garcia}},
  title = {{Exploring the design space of contract specifications for C++}},
  howpublished = {\url{https://wg21.link/n4110}},
  year = "2014-07-06"
}
@misc{N4378,
  key = {N4378},
  author = {{John Lakos} and {Nathan Myers} and {Alexei Zakharov} and {Alexander Beels}},
  title = {{Language Support for Contract Assertions (Revision 10)}},
  howpublished = {\url{https://wg21.link/n4378}},
  year = "2015-02-08"
}
@misc{P0247R0,
  key = {P0247R0},
  author = {{Nathan Myers}},
  title = {{Criteria for Contract Support}},
  howpublished = {\url{https://wg21.link/p0247}},
  year = "2016-02-12"
}
@misc{P2712R0,
  key = {P2712R0},
  author = {{Joshua Berne}},
  title = {{Classification of Contract-Checking Predicates}},
  howpublished = {\url{https://wg21.link/p2712r0}},
  year = "2022-11-13"
}
@misc{P2700R1,
  key = {P2700R1},
  author = {{Timur Doumler} and {Andrzej Krzemie\' nski} and {John Lakos} and {Joshua Berne} and {Brian Bi} and {Peter Brett} and {Oliver Rosten} and {Herb Sutter}},
  title = {{CQuestions on P2680 ``Contracts for C++: Prioritizing Safety''}},
  howpublished = {\url{https://wg21.link/p2700r1}},
  year = "2022-12-17"
}
@misc{P2053R1,
  key = {P2053R1},
  author = {{Rostislav Khlebnikov} and {John Lakos}},
  title = {{Defensive Checking Versus Input Validation}},
  howpublished = {\url{https://wg21.link/p2053r1}},
  year = "2020-08-14"
}
@misc{P3100R0,
  key = {P3100R0},
  author = {{Timur Doumler}},
  title = {{Contracts, undefined behaviour, and unspecified behaviour}},
  howpublished = {\url{https://wg21.link/p3100r0}},
  year = "2024-04-15"
}
@misc{P3257R0,
  key = {P3257R0},
  author = {{Jens Maurer}},
  title = {{Make the predicate of \tcode{contract_assert} more regular}},
  howpublished = {\url{https://wg21.link/p3257r0}},
  year = "2024-04-26"
}
@misc{P3173R0,
  key = {P3173R0},
  author = {{Gabriel Dos Reis}},
  title = {{P2900R6 May Be Minimal, but It Is Not Viable}},
  howpublished = {\url{https://wg21.link/p3173r0}},
  year = "2024-02-15"
}
@misc{N4415,
  key = {N4415},
  author ={{Gabriel Dos Reis} and {J. Daniel Garc\' ia} and {Francesco Logozzo} and {Manuel F\" ahndrich} and {Shuvendu Lahiri}},
  title = {{Simple Contracts for C++}},
  howpublished = {\url{https://wg21.link/n4415}},
  year = "2015-04-12"
}
@misc{P0246R0,
  key = {P0246R0},
  author = {{John Lakos} and {Alisdair Meredith} and {Nathan Myers}},
  title = {{Contract Support Merged Proposal}},
  howpublished = {\url{https://wg21.link/p0246r0}},
  year = "2016-02-12"
}
@misc{P0287R0,
  key = {P0287R0},
  author ={{Gabriel Dos Reis} and {J. Daniel Garc\' ia} and {Francesco Logozzo} and {Manuel F\" ahndrich} and {Shuvendu Lahiri}},
  title = {{Simple Contracts for C++ (R1)}},
  howpublished = {\url{https://wg21.link/p0287r0}},
  year = "2016-02-15"
}
@misc{P0380R0,
  key = {P0380R0},
  author = {{A Contact Design}},
  title = {{Gabriel Dos Reis} and {J. Daniel Garc\' ia} and {John Lakos} and {Alisdair Meredith} and {Nathan Myers} and {Bjarne Stroustrup}},
  howpublished = {\url{https://wg21.link/p0380r0}},
  year = "2016-05-28"
}
@misc{P0380R1,
  key = {P0380R1},
  author = {{A Contact Design}},
  title = {{Gabriel Dos Reis} and {J. Daniel Garc\' ia} and {John Lakos} and {Alisdair Meredith} and {Nathan Myers} and {Bjarne Stroustrup}},
  howpublished = {\url{https://wg21.link/p0380r1}},
  year = "2016-07-11"
}
@misc{P3271R0,
  key = {P3271R0},
  author = {{Function Usage Types (Contracts for Function Pointers)}},
  title = {{Lisa Lippincott}},
  howpublished = {\url{https://wg21.link/p3271r0}},
  year = "2024-05-20"
}
@misc{P0012R1,
  key = {P0012R1},
  author = {{Make exception specifications be part of the type system, version 5}},
  title = {{Jens Maurer}},
  howpublished = {\url{https://wg21.link/p0012r1}},
  year = "2015-10-22"
}
@misc{P3221R0,
  key = {P3221R0},
  author = {{Disable pointers to contracted functions}},
  title = {{Jonas Persson}},
  howpublished = {\url{https://wg21.link/p3221r0}},
  year = "2024-04-15"
}
@misc{P3250R0,
  key = {P3250R0},
  author = {{C++ contracts with regards to function pointers}},
  title = {{Peter Bindels}},
  howpublished = {\url{https://wg21.link/p3250r0}},
  year = "2024-04-22"
}
@misc{P3269R0,
  key = {P3269R0},
  author = {{Do Not Ship Contracts as a TS}},
  title = {{Timur Doumler} and {John Spicer}},
  howpublished = {\url{https://wg21.link/p3269r0}},
  year = "2024-05-21"
}
@misc{P3276R0,
  key = {P3276R0},
  author = {{P2900 Is Superior to a Contracts TS}},
  title = {{Joshua Berne} and {Steve Downey} and {Jake Fevold} and {Mungo Gill} and {Rostislav Khlebnikov} and {John Lakos} and {Alisdair Meredith}},
  howpublished = {\url{https://wg21.link/p3276r0}},
  year = "2024-05-17"
}
@misc{P3297R0,
  key = {P3297R0},
  author = {{C++26 Needs Contract Checking}},
  title = {{Christian Eltzschig} and {Mathias Kraus} and {Ryan McDougall} and {Pez Zarifian}},
  howpublished = {\url{https://wg21.link/p3297r0}},
  year = "2024-05-20"
}
@misc{P2957R0,
  key = {P2957R0},
  author = {{Andrzej Krzemie\' nski} and {Iain Sandoe}},
  title = {{Contracts and coroutines}},
  howpublished = {\url{https://wg21.link/p2957r0}},
  year = "2023-08-15"
}
@misc{P2957R1,
  key = {P2957R1},
  author = {{Andrzej Krzemie\' nski} and {Iain Sandoe}},
  title = {{Contracts and coroutines}},
  howpublished = {\url{https://wg21.link/p2957r1}},
  year = "2024-01-13"
}
@misc{P3251R0,
  key = {P3251R0},
  author = {{Peter Bindels}},
  title = {{C++ Contracts and Coroutines}},
  howpublished = {\url{https://wg21.link/p3251r0}},
  year = "2024-04-23"
}
@misc{P3327R0,
  key = {P3327R0},
  author = {{Timur Doumler}},
  title = {{Contract assertions on function pointers}},
  howpublished = {\url{https://wg21.link/p3327r0}},
  year = "2024-09-17"
}
@misc{P3228R1,
  key = {P3228R1},
  author = {{Timur Doumler}},
  title = {{Revisiting side effects, elision, and duplication of contract predicate evaluations}},
  howpublished = {\url{https://wg21.link/p3228r1}},
  year = "2024-05-21"
}
@misc{P3119R1,
  key = {P3119R1},
  author = {{Joshua Berne}},
  title = {{Tokyo Technical Fixes to Contracts}},
  howpublished = {\url{https://wg21.link/p3119r1}},
  year = "2024-05-09"
}
@misc{P3267R1,
  key = {P3267R1},
  author = {{Peter Bindels} and {Tom Honermann}},
  title = {{C++ contracts implementation strategies}},
  howpublished = {\url{https://wg21.link/p3267r1}},
  year = "2024-05-22"
}
@misc{P3321R0,
  key = {P3321R0},
  author = {{Joshua Berne}},
  title = {{Contracts Interaction With Tooling}},
  howpublished = {\url{https://wg21.link/p3321r0}},
  year = "2024-07-12"
}
@misc{P3028R0,
  key = {P3028R0},
  author = {{Joshua Berne} and {Ga\v sper A\v zman} and {Rostislav Khlebnikov} and {Timur Doumler}},
  title = {{An Overview of Syntax Choices for Contracts}},
  howpublished = {\url{https://wg21.link/p3028r0}},
  year = "2023-11-05"
}
@misc{P2935R4,
  key = {P2935R4},
  author = {{Joshua Berne}},
  title = {{An Attribute-Like Syntax for Contracts}},
  howpublished = {\url{https://wg21.link/p2935r4}},
  year = "2023-11-05"
}
@misc{P2012R2,
  key = {P2012R2},
  author = {{Nicolai Josuttis} and {Victor Zverovich} and {Filipe Mulonde} and {Arthur O'Dwyer}},
  title = {{Fix the range‐based for loop, Rev 2}},
  howpublished = {\url{https://wg21.link/p2012r2}},
  year = "2020-09-29"
}
@misc{P2809R3,
  key = {P2809R3},
  author = {{JF Bastien}},
  title = {{Trivial infinite loops are not Undefined Behavior}},
  howpublished = {\url{https://wg21.link/p2809r3}},
  year = "2024-03-21"
}
@misc{P3274R0,
  key = {P3274R0},
  author = {{Bjarne Stroustrup}},
  title = {{A framework for Profiles development}},
  howpublished = {\url{https://wg21.link/p3274r0}},
  year = "2024-05-05"
}
@misc{P3390R0,
  key = {P3390R0},
  author = {{Sean Baxter} and {Christian Mazakas}},
  title = {{Safe C++}},
  howpublished = {\url{https://wg21.link/p3390r0}},
  year = "2024-09-11"
}
@misc{P3232R0,
  key = {P3232R0},
  author = {{Thomas K\" oppe}},
  title = {{User-defined erroneous behaviour}},
  howpublished = {\url{https://wg21.link/p3232r0}},
  year = "2024-04-16"
}
@misc{P3227R0,
  key = {P3227R0},
  author = {{Ga\v sper A\v zman} and {Timur Doumler}},
  title = {{Fixing the library API for contract violation handling}},
  howpublished = {\url{https://wg21.link/p3227r0}},
  year = "2024-10-15"
}
@misc{P3227R1,
  key = {P3227R1},
  author = {{Ga\v sper A\v zman} and {Timur Doumler}},
  title = {{Fixing the library API for contract violation handling}},
  howpublished = {\url{https://wg21.link/p3227r1}},
  year = "2025-02-27"
}
@misc{P3460R0,
  key = {P3460R0},
  author = {{Eric Fiselier} and {Nina Ranns} and {Iain Sandoe}},
  title = {{C++ Contracts Implementers Report}},
  howpublished = {\url{https://wg21.link/p3460r0}},
  year = "2024-10-16"
}
@misc{P1323R2,
  key = {P1323R2},
  author = {{Hubert Tong}},
  title = {{Contract postconditions and return type deduction}},
  howpublished = {\url{https://wg21.link/p1232r2}},
  year = "2019-02-20"
}
@misc{P3387R0,
  key = {P3387R0},
  author = {{Timur Doumler} and {Joshua Berne} and {Iain Sandoe} and {Peter Bindels}},
  title = {{Contract assertions on coroutines}},
  howpublished = {\url{https://wg21.link/p3387r0}},
  year = "2024-10-09"
}
@misc{P3007R0,
  key = {P3007R0},
  author = {{Timur Doumler} and {Andrzej Krzemie\' nski} and {Joshua Berne}},
  title = {{Return object semantics in postcondition specifiers}},
  howpublished = {\url{https://wg21.link/p3007r0}},
  year = "2023-12-11"
}
@misc{P3483R0,
  key = {P3483R0},
  author = {{Timur Doumler} and {Joshua Berne}},
  title = {{Contracts in C++: Pre-Wroc\l aw technical clarifications}},
  howpublished = {\url{https://wg21.link/p3483r0}},
  year = "2024-10-31"
}
@misc{P3484R1,
  key = {P3484R1},
  author = {{Timur Doumler} and {Joshua Berne}},
  title = {{Postconditions odr-using a parameter modified in an overriding function}},
  howpublished = {\url{https://wg21.link/p3484r1}},
  year = "2024-11-07"
}
@misc{D3484R2,
  key = {D3484R2},
  author = {{Timur Doumler} and {Joshua Berne}},
  title = {{Postconditions odr-using a parameter modified in an overriding function}},
  howpublished = {\url{https://wg21.link/d3484r2}},
  year = "2024-11-09"
}
@misc{P3487R0,
  key = {P3487R0},
  author = {{Timur Doumler} and {Joshua Berne}},
  title = {{Postconditions odr-using a parameter that may be passed in registers}},
  howpublished = {\url{https://wg21.link/p3487r0}},
  year = "2024-11-07"
}
@misc{P3489R0,
  key = {P3489R0},
  author = {{Timur Doumler} and {Joshua Berne}},
  title = {{Postconditions odr-using a parameter of dependent type}},
  howpublished = {\url{https://wg21.link/p3489r0}},
  year = "2024-11-01"
}
@misc{P3264R1,
  key = {P3264R1},
  author = {{Ville Voutilainen}},
  title = {{Double-evaluation of preconditions}},
  howpublished = {\url{https://wg21.link/p3264r1}},
  year = "2024-05-17"
}
@misc{P3267R0,
  key = {P3267R0},
  author = {{Peter Bindels}},
  title = {{C++ contracts implementation strategies}},
  howpublished = {\url{https://wg21.link/p3267r0}},
  year = "2024-05-22"
}
@misc{P3270R0,
  key = {P3270R0},
  author = {{Joshua Berne} and {John Lakos}},
  title = {{Repetition, Elision, and const-ification With Regard to \tcode{contract_assert}: A Principled Analysis}},
  howpublished = {\url{https://wg21.link/p3270r0}},
  year = "2024-05-22"
}
@misc{P2829R0,
  key = {P2829R0},
  author = {{Andrew Tomazos}},
  title = {{Proposal of Contracts Supporting Const-On-Definition Style}},
  howpublished = {\url{https://wg21.link/p2829r0}},
  year = "2023-02-27"
}
@misc{P3261R1,
  key = {P3261R1},
  author = {{Joshua Berne}},
  title = {{Revisiting const-ification in Contract Assertions}},
  howpublished = {\url{https://wg21.link/p3261r1}},
  year = "2024-10-10"
}
@misc{P3362R0,
  key = {P3362R0},
  author = {{Ville Voutilainen} and {Richard Corden}},
  title = {{Static analysis and `safety' of Contracts, P2900 vs. P2680/P3285}},
  howpublished = {\url{https://wg21.link/p3362r0}},
  year = "2024-08-11"
}
@misc{P3285R0,
  key = {P3285R0},
  author = {{Gabriel Dos Reis}},
  title = {{Contracts: Protecting The Protector}},
  howpublished = {\url{https://wg21.link/p3285r0}},
  year = "2024-05-15"
}
@misc{P3376R0,
  key = {P3376R0},
  author = {{Andrzej Krzemie\' nski}},
  title = {{Contract assertions versus static analysis and `safety'}},
  howpublished = {\url{https://wg21.link/p3376r0}},
  year = "2024-10-14"
}
@misc{P3386R0,
  key = {P3386R0},
  author = {{Joshua Berne}},
  title = {{Static Analysis of Contracts with P2900}},
  howpublished = {\url{https://wg21.link/p3386r0}},
  year = "2024-10-15"
}
@misc{P3081R1,
  key = {P3081R1},
  author = {{Herb Sutter}},
  title = {{Core safety profiles for C++26}},
  howpublished = {\url{https://wg21.link/p3081r1}},
  year = "2025-01-06"
}
@misc{P3081R2,
  key = {P3081R2},
  author = {{Herb Sutter}},
  title = {{Core safety profiles for C++26}},
  howpublished = {\url{https://wg21.link/p3081r2}},
  year = "2025-02-04"
}
@misc{P3541R1,
  key = {P3541R1},
  author = {{Andrzej Krzemie\' nski}},
  title = {{Violation handlers vs noexcept}},
  howpublished = {\url{https://wg21.link/p3541r1}},
  year = "2025-01-06"
}
@misc{P3229R0,
  key = {P3229R0},
  author = {{Timur Doumler} and {Joshua Berne}},
  title = {{Making erroneous behaviour compatible with Contracts}},
  howpublished = {\url{https://wg21.link/p3229r0}},
  year = "2025-01-13"
}
@misc{P3229R1,
  key = {P3229R1},
  author = {{Timur Doumler} and {Joshua Berne} and {Ga\v sper A\v zman}},
  title = {{Making erroneous behaviour compatible with Contracts}},
  howpublished = {\url{https://wg21.link/p3229r1}},
  year = "2025-02-09"
}
@misc{P3436R1,
  key = {P3436R1},
  author = {{Herb Sutter}},
  title = {{Strategy for removing safety-related UB by default}},
  howpublished = {\url{https://wg21.link/p3436r1}},
  year = "2024-10-31"
}
@misc{P3500R0,
  key = {P3500R0},
  author = {{Timur Doumler} and {Ga\v sper A\v zman} and {Joshua Berne}},
  title = {{Are Contracts ``safe''?}},
  howpublished = {\url{https://wg21.link/p3500r0}},
  year = "2025-01-13"
}
@misc{P3500R1,
  key = {P3500R1},
  author = {{Timur Doumler} and {Ga\v sper A\v zman} and {Joshua Berne} and {Ryan McDougall}},
  title = {{Are Contracts ``safe''?}},
  howpublished = {\url{https://wg21.link/p3500r1}},
  year = "2025-02-09"
}
@misc{P3520R0,
  key = {P3520R0},
  author = {{Timur Doumler} and {Joshua Berne} and {Andrzej Krzemie\' nski}},
  title = {{Contracts for C++: Wroc{\l}aw technical fixes}},
  howpublished = {\url{https://wg21.link/p3520r0}},
  year = "2024-11-21"
}
@misc{Racordon2022,
  key = {Racordon2022},
  author = {{Dimitri Racordon} and {Denys Shabalin} and {Daniel Zheng} and {Dave Abrahams} and {Brennan Saeta}},
  title = {{Implementation Strategies for Mutable Value Semantics}},
  howpublished = {\url{https://www.jot.fm/issues/issue_2022_02/article2.pdf}},
  year = "2022-02"
}
@misc{Baxter2024,
  key = {Baxter2024},
  author = {{Sean Baxter}},
  title = {{Why Safety Profiles Failed}},
  howpublished = {\url{https://www.circle-lang.org/draft-profiles.html}},
  year = "2024-10-24"
}
@misc{P2899R0,
  key = {P2899R0},
  author = {{Joshua Berne} and {Timur Doumler} and {Rostislav Khlebnikov} and {Andrzej Krzemie\' nski}},
  title = {{Contracts for C++ --- Rationale}},
  howpublished = {\url{https://wg21.link/p2899r0}},
  year = "2025-01-13"
}
@misc{P2899R1,
  key = {P2899R1},
  author = {{Joshua Berne} and {Timur Doumler} and {Rostislav Khlebnikov} and {Andrzej Krzemie\' nski}},
  title = {{Contracts for C++ --- Rationale}},
  howpublished = {\url{https://wg21.link/p2899r1}},
  year = "2025-03-14"
}
@misc{P3573R0,
  key = {P3573R0},
  author = {{Michael Hava} and {J. Daniel Garc\' ia Sanchez} and {Ran Regev} and {Gabriel Dos Reis} and {John Spicer} and {Bjarne Stroustrup} and {J.C. van Winkel} and {Daveed Vandevoorde}},
  title = {{Contract concerns}},
  howpublished = {\url{https://wg21.link/p3573r0}},
  year = "2025-01-12"
}
@misc{P3506R0,
  key = {P3506R0},
  author = {{Gabriel Dos Reis}},
  title = {{P2900 Is Still Not Ready for C++26}},
  howpublished = {\url{https://wg21.link/p3506r0}},
  year = "2024-11-19"
}
@misc{P3599R0,
  key = {P3599R0},
  author = {{Joshua Berne} and {Timur Doumler}},
  title = {{Initial Implicit Contract Assertions}},
  howpublished = {\url{https://wg21.link/p3599r0}},
  year = "2025-01-30"
}
@misc{P3577R0,
  key = {P3577R0},
  author = {{John Lakos}},
  title = {{Require a non-throwing default contract-violation handler}},
  howpublished = {\url{https://wg21.link/p3577r0}},
  year = "2025-01-13"
}
@misc{P3318R0,
  key = {P3318R0},
  author = {{Ville Voutilainen}},
  title = {{Throwing violation handlers, from an application programming perspective}},
  howpublished = {\url{https://wg21.link/p3318r0}},
  year = "2024-05-22"
}
@misc{P3232R1,
  key = {P3232R1},
  author = {{Thomas K\" oppe}},
  title = {{User-defined erroneous behaviour}},
  howpublished = {\url{https://wg21.link/p3232r1}},
  year = "2024-11-18"
}
@misc{P3656R0,
  key = {P3656R0},
  author = {{Herb Sutter} and {Ga\v sper A\v zman}},
  title = {{Initial draft proposal for core language UB white paper: Process and major work items}},
  howpublished = {\url{https://wg21.link/p3656r0}},
  year = "2025-03-10"
}
@misc{P3656R1,
  key = {P3656R1},
  author = {{Herb Sutter} and {Ga\v sper A\v zman}},
  title = {{Initial draft proposal for core language UB white paper: Process and major work items}},
  howpublished = {\url{https://wg21.link/p3656r1}},
  year = "2025-03-23"
}
@misc{P3400R1,
  key = {P3400R1},
  author = {{Joshua Berne}},
  title = {{Controlling Contract-Assertion Properties}},
  howpublished = {\url{https://wg21.link/p3400r1}},
  year = "2025-02-28"
}
@misc{P3578R0,
  key = {P3578R0},
  author = {{Ryan McDougall}},
  title = {{What is Safety?}},
  howpublished = {\url{https://wg21.link/p3578r0}},
  year = "2024-12-12"
}
@misc{P3471R4,
  key = {P3471R4},
  author = {{Konstantin Varlamov} and {Louis Dionne}},
  title = {{Standard library hardening}},
  howpublished = {\url{https://wg21.link/p3471r4}},
  year = "2025-02-14"
}
@misc{P2739R0,
  key = {P2739R0},
  author = {{Bjarne Stroustrup}},
  title = {{A call to action: Think seriously about ``safety''; then do something sensible about it}},
  howpublished = {\url{https://wg21.link/p2739r0}},
  year = "2022-12-06"
}
@misc{P2759R1,
  key = {P2759R1},
  author = {{Howard Hinnant} and {Roger Orr} and {Bjarne Stroustrup} and {Daveed Vandevoorde} and {Michael Wong}},
  title = {{Direction Group Opinion on Safety for ISO C++}},
  howpublished = {\url{https://wg21.link/p2759r1}},
  year = "2023-01-22"
}
@misc{P3543R0,
  key = {P3543R0},
  author = {{Mungo Gill} and {Corentin Jabot} and {John Lakos} and {Joshua Berne} and {Timur Doumler}},
  title = {{Response to Core Safety Profiles (P3081)}},
  howpublished = {\url{https://wg21.link/p3543r0}},
  year = "2024-12-17"
}
@misc{P3558R1,
  key = {P3558R1},
  author = {{Joshua Berne} and {John Lakos}},
  title = {{Prevent Undefined Behavior By Default}},
  howpublished = {\url{https://wg21.link/p3558r1}},
  year = "2025-02-02"
}
@misc{P3499R1,
  key = {P3499R1},
  author = {{Timur Doumler} and {Lisa Lippincott} and {Joshua Berne}},
  title = {{Exploring strict contract predicates}},
  howpublished = {\url{https://wg21.link/p3499r1}},
  year = "2025-02-09"
}
@misc{P3075R0,
  key = {P3075R0},
  author = {{Shafik Yaghmour}},
  title = {{Adding an Undefined Behavior and IFNDR Annex}},
  howpublished = {\url{https://wg21.link/p3075r0}},
  year = "2023-12-15"
}
@misc{P2843R0,
  key = {P2843R0},
  author = {{Alisdair Meredith}},
  title = {{Preprocessing is never undefined}},
  howpublished = {\url{https://wg21.link/p2843r0}},
  year = "2023-05-18"
}
@misc{P2843R2,
  key = {P2843R2},
  author = {{Alisdair Meredith}},
  title = {{Preprocessing is never undefined}},
  howpublished = {\url{https://wg21.link/p2843r2}},
  year = "2025-03-15"
}
@misc{P2843R3,
  key = {P2843R3},
  author = {{Alisdair Meredith}},
  title = {{Preprocessing is never undefined}},
  howpublished = {\url{https://wg21.link/p2843r3}},
  year = "2025-06-20"
}
@misc{P3424R0,
  key = {P3424R0},
  author = {{Alisdair Meredith}},
  title = {{Define Delete With Throwing Exception Specification}},
  howpublished = {\url{https://wg21.link/p3424r0}},
  year = "2024-12-17"
}
@misc{P3756R0,
  key = {P3756R0},
  author = {{Timur Doumler} and {Joshua Berne} and {Gabriel Dos Reis} and {Herb Sutter} and {Ga\v sper A\v zman} and {Peter Bindels}},
  title = {{Strategy for addressing undefined behaviour in C++}},
  howpublished = {\url{https://wg21.link/p3756r0}},
  year = "2025-07-15"
}
@misc{P3754R0,
  key = {P3754R0},
  author = {{Timur Doumler} and {Joshua Berne}},
  title = {{Slides for EWG presentation of
P3100R2 Implicit Contract Assertions}},
  howpublished = {\url{https://wg21.link/p3754r0}},
  year = "2025-06-20"
}
@misc{P3700R0,
  key = {P3700R0},
  author = {{Peter Bindels}},
  title = {{Making Safe C++ Happen}},
  howpublished = {\url{https://wg21.link/p3700r0}},
  year = "2025-05-19"
}
@misc{P2644R1,
  key = {P2644R1},
  author = {{Nicolai Josuttis} and {Herb Sutter} and {Titus Winter} and {Hana Dus\'{i}kov\'{a}} and {Fabio Fracassi} and {Victor Zverovich} and {Bryce Adelstein Lelbach} and {Peter Sommerlad}},
  title = {{Final Fix of Broken Range‐based for Loop, Rev 1}},
  howpublished = {\url{https://wg21.link/p2644r1}},
  year = "2022-11-11"
}
@misc{P2754R0,
  key = {P2754R0},
  author = {{Jake Fevold}},
  title = {{Deconstructing the Avoidance of Uninitialized Reads of Auto Variables}},
  howpublished = {\url{https://wg21.link/p2754r0}},
  year = "2023-01-24"
}
@misc{P3045R6,
  key = {P3045R6},
  author = {{Mateusz Pusz} and {Dominik Berner} and {Johel Ernesto Guerrero Peña} and {Chip Hogg} and {Nicolas Holthaus} and {Roth Michaels} and {Vincent Reverdy}},
  title = {{Quantities and units library}},
  howpublished = {\url{https://wg21.link/p3045r6}},
  year = "2025-06-19"
}
@misc{P3627R0,
  key = {P3627R0},
  author = {{Ulfar Erlingsson}},
  title = {{Easy-to-adopt security profiles
for preventing RCE (remote code execution) in existing C++ code}},
  howpublished = {\url{https://wg21.link/p3627r0}},
  year = "2025-02-11"
}
@misc{P3650R0,
  key = {P3650R0},
  author = {{Bjarne Stroustrup}},
  title = {{21st century C++}},
  howpublished = {\url{https://wg21.link/p3650r0}},
  year = "2025-03-06"
}
@misc{P3716R0,
  key = {P3716R0},
  author = {{Peter Bindels}},
  title = {{Subsetting}},
  howpublished = {\url{https://wg21.link/p3716r0}},
  year = "2025-05-19"
}
@misc{P0543R3,
  key = {P0543R3},
  author = {{Jens Maurer}},
  title = {{Saturation arithmetic}},
  howpublished = {\url{https://wg21.link/p0543r3}},
  year = "2023-07-19"
}
@misc{P3038R0,
  key = {P3038R0},
  author = {{}},
  title = {{}},
  howpublished = {\url{https://wg21.link/p3038r0}},
  year = "202"
}
@misc{P3402R3,
  key = {P3402R3},
  author = {{Marc-André Laverdière} and {Christopher Lapkowski} and {Charles-Henri Gros}},
  title = {{A Safety Profile Verifying Initialization}},
  howpublished = {\url{https://wg21.link/p3402r3}},
  year = "2025-05-16"
}
@misc{P3446R0,
  key = {P3446R0},
  author = {{Bjarne Stroustrup}},
  title = {{Profile invalidation – eliminating dangling pointers}},
  howpublished = {\url{https://wg21.link/p3446r0}},
  year = "2024-10-14"
}
@misc{P3589R2,
  key = {P3589R2},
  author = {{Gabriel Dos Reis}},
  title = {{C++ Profiles: The Framework}},
  howpublished = {\url{https://wg21.link/p3589r2}},
  year = "2025-05-19"
}
@misc{P1823R0,
  key = {P1823R0},
  author = {{Nicolai Josuttis} and {Ville Voutilainen} and {Roger Orr} and {Daveed Vandevoorde} and {John Spicer} and {Christopher Di Bella}},
  title = {{Remove Contracts from C++20}},
  howpublished = {\url{https://wg21.link/p1823r0}},
  year = "2019-07-18"
}
@misc{P3850R0,
  key = {P3850R0},
  author = {{Timur Doumler} and {Elina A. K. Jacobs}},
  title = {{A method for finding consensus on technical design questions}},
  howpublished = {\url{https://wg21.link/p3850r0}},
  year = "In development"
}
@misc{N1962,
  key = {N1962},
  author = {{Lawrence Crowl} and {Thorsten Ottosen}},
  title = {{Proposal to add Contract Programming to C++ (revision 4)}},
  howpublished = {\url{https://wg21.link/n1962}},
  year = "2006-02-25"
}
@misc{P2954R0,
  key = {P2954R0},
  author = {{Ville Voutilainen}},
  title = {{Contracts and virtual functions for the Contracts MVP}},
  howpublished = {\url{https://wg21.link/p2954r0}},
  year = "2023-08-03"
}
@misc{P3169R0,
  key = {P3169R0},
  author = {{Jonas Persson}},
  title = {{Inherited contracts}},
  howpublished = {\url{https://wg21.link/p3169r0}},
  year = "2024-03-21"
}
@misc{Liskov94,
  key = {Liskov94},
  author = {{Barbara H. Liskov} and {Jeannette M. Wing}},
  title = {{A behavioral notion of subtyping}},
  howpublished = {ACM Transactions on Programming Languages and Systems, Vol. 16, No. 6},
  year = "1994-11"
}
@misc{P3417R1,
  key = {P3417R1},
  author = {{Ga\v sper A\v zman} and {Timur Doumler}},
  title = {{Handling exceptions thrown from contract predicates}},
  howpublished = {\url{https://wg21.link/p3417r1}},
  year = "2025-02-27"
}
